@misc{slotnick:2014,
	Author = {Slotnick, J P and Khodadoust, Abdollah and Alonso, J J and Darmofal, D L and Gropp, W D and Lurie, E A and Mavriplis, D J},
	Date-Added = {2015-06-02 23:54:19 +0000},
	Date-Modified = {2015-06-02 23:54:19 +0000},
	Howpublished = {NASA Technical Report, NASA/CR-2014-218178, NF1676L-18332},
	Month = mar,
	Title = {{CFD} Vision 2030 Study: A Path to Revolutionary Computational Aerosciences},
	Year = {2014}
}

@misc{FigsShared,
	author = {Daniel J. Magee and Kyle E. Niemeyer},
	title = {Data, plotting scripts, and figures for ``{Accelerating} solutions of {PDEs} with {GPU}-based swept time-space decomposition''},
	year = 2017,
	month = may,
	doi = {10.6084/m9.figshare.4968050.v2}
}

@misc{MyRepo,
	author       = {Daniel J. Magee and
	Kyle E. Niemeyer},
	title        = {{Niemeyer-Research-Group/1DSweptCUDA} v2},
	month        = may,
	year         = 2017,
	doi          = {10.5281/zenodo.570984},
}

@misc{MaithamRepo,
	author = {M. Alhubail and Q. Wang},
	title = {{KSIDSwept}, git commit \texttt{e575d73}},
	year = 2015,
	publisher = {GitHub},
	howpublished = {\url{https://github.com/hubailmm/K-S_1D_Swept}},
}

@Article{alhubail:16jcp,
    author = {Maitham Alhubail and Qiqi Wang},
    title = {The swept rule for breaking the latency barrier in time advancing {PDEs}},
    journal = {Journal of Computational Physics},
    year = 2016,
    volume = 307,
    pages =	{110--121},
    doi = {10.1016/j.jcp.2015.11.026}
}

@misc{Alhubail:2016arxiv,
    author = {Maitham Makki Alhubail and Qiqi Wang and John Williams},
    title = {The swept rule for breaking the latency barrier in time advancing two-dimensional {PDEs}},
    year = 2016,
    howpublished = {{\tt \href{https://arxiv.org/abs/1602.07558}{arXiv:1602.07558} [cs.NA]}},
}

@inproceedings{BM_BigSolution,
    author = {Bermejo-Moreno, Iv\'{a}n and Bodart, Julien and Larsson, Johan and Barney, Blaise M. and Nichols, Joseph W. and Jones, Steve},
    title = {Solving the Compressible {Navier}--{Stokes} Equations on Up to 1.97 Million Cores and 4.1 Trillion Grid Points},
    booktitle = {Proceedings of the International Conference on High Performance Computing, Networking, Storage and Analysis},
    series = {SC '13},
    year = {2013},
    isbn = {978-1-4503-2378-9},
    location = {Denver, Colorado},
    pages = {62:1--62:10},
    articleno = {62},
    doi = {10.1145/2503210.2503265},
    acmid = {2503265},
    publisher = {ACM},
    address = {New York, NY, USA},
}

@misc{harris:2014,
    author = {Mark Harris},
    title = {{CUDA} Pro Tip: Do The {Kepler} Shuffle},
    howpublished = {\url{https://devblogs.Nvidia.com/parallelforall/cuda-pro-tip-kepler-shuffle/}},
    year = 2014,
    month = feb,
    note = {Accessed: 3 June 2016}
}

@misc{PascalWP:2016,
    author = {{Nvidia Corporation}},
    title = {Whitepaper {Nvidia} {Tesla} {P100}},
    number = {WP-08019-001_v01.1},
    year = {2016},
    howpublished = {\url{http://www.Nvidia.com/object/pascal-architecture-whitepaper.html}},
}

@article{PattersonLatency,
    author = {Patterson, David A.},
    title = {Latency Lags Bandwith},
    journal = {Commun. ACM},
    volume = {47},
    number = {10},
    month = oct,
    year = 2004,
    pages = {71--75},
    numpages = {5},
    doi = {10.1145/1022594.1022596},
    acmid = {1022596},
    publisher = {ACM},
    address = {New York, NY, USA},
}

@inproceedings{VolkovDatta2008,
	author = {Datta, Kaushik and Murphy, Mark and Volkov, Vasily and Williams, Samuel and Carter, Jonathan and Oliker, Leonid and Patterson, David and Shalf, John and Yelick, Katherine},
	title = {Stencil Computation Optimization and Auto-tuning on State-of-the-art Multicore Architectures},
	booktitle = {Proceedings of the 2008 ACM/IEEE Conference on Supercomputing},
	series = {SC '08},
	year = 2008,
	isbn = {978-1-4244-2835-9},
	location = {Austin, Texas},
	pages = {4:1--4:12},
	articleno = {4},
	numpages = {12},
	acmid = {1413375},
	publisher = {IEEE Press},
	address = {Piscataway, NJ, USA},
}

@article{falgout2014parallel,
    author = {Falgout, Robert and Friedhoff, Stephanie and Kolev, Tzanio and MacLachlan, Scott and Schroder, Jacob B.},
    year = {2014},
    title = {Parallel time integration with multigrid},
    journal = {PAMM},
    publisher = {Wiley Online Library},
    issn = {1617-7061},
    doi = {10.1002/pamm.201410456},
    volume = {14},
    month = {12},
    pages = {951--952},
}

@INPROCEEDINGS{GlobalLock,
	author={S. Xiao and W. C. Feng},
	booktitle={2010 IEEE International Symposium on Parallel Distributed Processing (IPDPS)},
	title={Inter-block {GPU} communication via fast barrier synchronization},
	year={2010},
	pages={1-12},
	keywords={computer graphic equipment;computer graphics;coprocessors;synchronisation;CPU;bitonic sort;dynamic programming;fast Fourier transform;fast barrier synchronization;graphics processing units;inter-block GPU communication;Central Processing Unit;Clocks;Computer architecture;Computer science;Dynamic programming;Fast Fourier transforms;Graphics processing unit;Kernel;Synchronization},
	doi={10.1109/IPDPS.2010.5470477},
	ISSN={1530-2075},
	month=apr,
}

@article{Witherden20143028,
	title = "{PyFR}: An open source framework for solving advection--diffusion type problems on streaming architectures using the flux reconstruction approach",
	journal = "Computer Physics Communications",
	volume = "185",
	number = "11",
	pages = "3028--3040",
	year = 2014,
	doi = "10.1016/j.cpc.2014.07.011",
	author = "F.D. Witherden and A.M. Farrington and P.E. Vincent",
}

@article{BABOULIN201217,
    title = "A Class of Communication-avoiding Algorithms for Solving General Dense Linear Systems on {CPU}/{GPU} Parallel Machines",
    journal = "Procedia Computer Science",
    volume = "9",
    number = "",
    pages = "17--26",
    year = 2012,
    doi = "10.1016/j.procs.2012.04.003",
    author = "Marc Baboulin and Simplice Donfack and Jack Dongarra and Laura Grigori and Adrien R\'{e}my and Stanimire Tomov",
}

@inproceedings{Anderson,
    author={M. Anderson and G. Ballard and J. Demmel and K. Keutzer},
    booktitle={Parallel Distributed Processing Symposium (IPDPS), 2011 IEEE International},
    title={Communication-Avoiding {QR} Decomposition for {GPUs}},
    year={2011},
    pages={48--58},
    doi={10.1109/IPDPS.2011.15},
    ISSN={1530-2075},
    month=may,
}

@inproceedings{Strzodka,
    author = {Strzodka, Robert and Shaheen, Mohammed and Pajak, Dawid and Seidel, Hans-Peter},
    title = {Cache Oblivious Parallelograms in Iterative Stencil Computations},
    booktitle = {Proceedings of the 24th ACM International Conference on Supercomputing},
    series = {ICS '10},
    year = {2010},
    isbn = {978-1-4503-0018-6},
    location = {Tsukuba, Ibaraki, Japan},
    pages = {49--59},
    numpages = {11},
    doi = {10.1145/1810085.1810096},
    acmid = {1810096},
    publisher = {ACM},
    address = {New York, NY, USA},
}

@article{MalasHager,
    author = {T. Malas and G. Hager and H. Ltaief and H. Stengel and G. Wellein and D. Keyes},
    title = {Multicore-Optimized Wavefront Diamond Blocking for Optimizing Stencil Updates},
    journal = {SIAM Journal on Scientific Computing},
    volume = {37},
    number = {4},
    pages = {C439--C464},
    year = {2015},
    doi = {10.1137/140991133},
}

@misc{cudaProgGuide,
    author = {{Nvidia Corporation}},
    url = {http://docs.Nvidia.com/cuda/cuda-c-programming-guide},
    title = {{CUDA} {C} Programming Guide},
    keywords = {CUDA},
    note = {Version 8.0},
    year = 2016,
}

@book{EngineerCuda,
    author = {Storti, Duane and Yurtoglu, Mete},
    isbn = {9780134177410},
    title = {{CUDA} for Engineers: An introduction to High-Performance Parallel Computing},
    keywords = {CUDA},
    year = 2015,
    publisher = "Addison-Wesley",
}

@article{Niemeyer:2014hn,
    author = {Niemeyer, Kyle E and Sung, Chih Jen},
    title = {Recent progress and challenges in exploiting graphics processors in computational fluid dynamics},
    journal = {Journal of Supercomputing},
    year = 2014,
    volume = {67},
    number = {2},
    pages = {528--564},
    month = feb,
    doi = {10.1007/s11227-013-1015-7},
}

@article{Brodtkorb:2013hn,
    author = {Brodtkorb, Andr{\'e} R and Hagen, Trond R and S{\ae}tra, Martin L},
    title = {Graphics processing unit ({GPU}) programming strategies and trends in {GPU} computing},
    journal = {J. Parallel Distrib. Comput.},
    year = 2013,
    volume = {73},
    number = {1},
    pages = {4--13},
    doi = {10.1016/j.jpdc.2012.04.003},
}

@article{Owens:2008ku,
    author = {Owens, John D and Houston, Mike and Luebke, David and Green, Simon and Stone, John E and Phillips, James C},
    title = {{GPU} Computing},
    journal = {Proc. IEEE},
    year = 2008,
    volume = {96},
    number = {5},
    pages = {879--899},
    month = jan,
    doi = {10.1109/JPROC.2008.917757},
}

@article{Cruz:2011gc,
    author = {Cruz, Felipe A and Layton, Simon K and Barba, L A},
    title = {How to obtain efficient {GPU} kernels: An illustration using {FMM} {\&} {FGT} algorithms},
    journal = {Comput. Phys. Comm.},
    year = 2011,
    volume = {182},
    number = {10},
    pages = {2084--2098},
    month = oct,
    doi = {10.1016/j.cpc.2011.05.002},
}

@incollection{Gander2015,
    author={Gander, Martin J.},
    title={50 Years of Time Parallel Time Integration},
    bookTitle={Multiple Shooting and Time Domain Decomposition Methods},
    year=2015,
    publisher={Springer},
    address={Cham},
    pages={69--113},
    isbn={978-3-319-23321-5},
    doi={10.1007/978-3-319-23321-5_3},
    volume = 9,
    editor = {T Carraro and M Geiger and S KÃ¶rkel and R Rannacher},
    series = {Contributions in Mathematical and Computational Sciences},
}

@misc{WangDecomp,
	Author          = {Qiqi Wang},
	Title           = {Decomposition of stencil update formula into atomic stages},
	Year            = 2017,
    archivePrefix   = "arXiv",
    eprint          = "1606.00721",
    primaryClass    = "math.NA",
}

@article{OurJCP,
    title = "Accelerating solutions of one-dimensional unsteady PDEs with GPU-based swept timeâspace decomposition",
    journal = "Journal of Computational Physics",
    volume = "357",
    pages = "338--352",
    year = "2018",
    issn = "0021-9991",
    doi = "10.1016/j.jcp.2017.12.028",
    author = "Daniel J. Magee and Kyle E. Niemeyer",
}

@article{IDAHO_MPI_CUDA,
    title = "Multi-level parallelism for incompressible flow computations on GPU clusters",
    journal = "Parallel Computing",
    volume = "39",
    number = "1",
    pages = "1--20",
    year = "2013",
    issn = "0167-8191",
    doi = "10.1016/j.parco.2012.10.002",
    author = "Dana A. Jacobsen and Inanc Senocak",
}

@article{PerfAnalysisHetero,
    title = "Performance evaluation of hybrid programming patterns for large CPU/GPU heterogeneous clusters",
    journal = "Computer Physics Communications",
    volume = "183",
    number = "6",
    pages = "1172--1181",
    year = "2012",
    issn = "0010-4655",
    doi = "10.1016/j.cpc.2012.01.019",
    author = "Fengshun Lu and Junqiang Song and Fukang Yin and Xiaoqian Zhu",
}

@article{ALEXANDROV20161,
    title = "Route to exascale: Novel mathematical methods, scalable algorithms and Computational Science skills",
    journal = "Journal of Computational Science",
    volume = "14",
    pages = "1--4",
    year = "2016",
    note = "The Route to Exascale: Novel Mathematical Methods, Scalable Algorithms and Computational Science Skills",
    issn = "1877-7503",
    doi = "10.1016/j.jocs.2016.04.014",
    author = "Vassil Alexandrov",
    keywords = "Novel mathematical methods, Scalable algorithms, Exascale computing, Computational Science research methods, HPC"
}

@article{PararealWu,
    title = "Parareal algorithms with local time-integrators for time fractional differential equations",
    journal = "Journal of Computational Physics",
    volume = "358",
    pages = "135--149",
    year = "2018",
    issn = "0021-9991",
    doi = "10.1016/j.jcp.2017.12.029",
    author = "Shu-Lin Wu and Tao Zhou",
    keywords = "Parareal, Time-fractional differential equations, Local time-integrators"
}

@misc{MillsPetsc,
    title           ="Software Strategy and Experiences with Manycore Processor Support in {PETSc}",
    author          ="Richard Tran Mills and Karl Rupp and Mark Adams and Jed Brown and Tobin Isaac and Matt Knepley and Barry Smith and Hong Zhang",
    year            =2017,
    month           =oct,
    howpublished    ="SIAM Pacific Northwest Regional Conference"
}

@INPROCEEDINGS{DOEbenchmarks,
    author={Y. A. Huerta and B. Swartz and D. J. Lilja},
    booktitle={2017 IEEE International Symposium on Workload Characterization (IISWC)},
    title={Determining work partitioning on closely coupled heterogeneous computing systems using statistical design of experiments},
    year={2017},
    volume={},
    number={},
    pages={118-119},
    doi={10.1109/IISWC.2017.8167766},
    ISSN={},
    month={Oct},
}

@article{MGRITImprove,
    author = {R. D. Falgout and T. A. Manteuffel and B. O'Neill and J. B. Schroder},
    title = {Multigrid Reduction in Time for Nonlinear Parabolic Problems: A Case Study},
    journal = {SIAM Journal on Scientific Computing},
    volume = {39},
    number = {5},
    pages = {S298-S322},
    year = {2017},
    doi = {10.1137/16M1082330},
}

@inproceedings{AIAAWang,
	address = {Grapevine, Texas},
	title = {Improving the strong parallel scalability of {CFD} schemes via the swept domain decomposition rule},
    booktitle = {55th AIAA Aerospace Sciences Meeting},
	isbn = {978-1-62410-447-3},
	doi = {10.2514/6.2017-1218},
	language = {en},
	urldate = {2018-05-12},
	publisher = {American Institute of Aeronautics and Astronautics},
	author = {Alhubail, Maitham and Wang, Qiqi},
	month = jan,
	year = {2017},
}


@incollection{Clarke1994,
	Author = {Lyndon Clarke and Ian Glendinning and Rolf Hempel},
	Booktitle = {Programming Environments for Massively Parallel Distributed Systems},
	Doi = {10.1007/978-3-0348-8534-8_21},
	Pages = {213--218},
	Publisher = {Birkh\"{a}user Basel},
	Title = {The {MPI} Message Passing Interface Standard},
	Year = 1994}


@misc{hSweepz,
    Author = {Daniel J. Magee and Kyle E. Niemeyer},
    Doi = {10.5281/zenodo.1291212},
    Month = jun,
    Title = {{Niemeyer-Research-Group/hSweep: MS Thesis Official}},
    Year = 2018
}
